@inproceedings{DBLP:conf/icsm/GoeminneM15,
  author    = {Mathieu Goeminne and
               Tom Mens},
  title     = {Towards a survival analysis of database framework usage in Java projects},
  booktitle = {2015 {IEEE} International Conference on Software Maintenance and Evolution,
               {ICSME} 2015, Bremen, Germany, September 29 - October 1, 2015},
  pages     = {551--555},
  year      = {2015},
  crossref  = {DBLP:conf/icsm/2015},
  url       = {http://dx.doi.org/10.1109/ICSM.2015.7332512},
  doi       = {10.1109/ICSM.2015.7332512},
  timestamp = {Wed, 25 Nov 2015 14:45:04 +0100},
  biburl    = {http://dblp.uni-trier.de/rec/bib/conf/icsm/GoeminneM15},
  bibsource = {dblp computer science bibliography, http://dblp.org}
}

@inproceedings{AAA,
  author    = {Mathieu Goeminne and
               Tom Mens},
  title     = {Towards a survival analysis of database framework usage in Java projects},
  booktitle = {2015 {IEEE} International Conference on Software Maintenance and Evolution,
               {ICSME} 2015, Bremen, Germany, September 29 - October 1, 2015},
  pages     = {551--555},
  year      = {2015},
  crossref  = {DBLP:conf/icsm/2015},
  url       = {http://dx.doi.org/10.1109/ICSM.2015.7332512},
  doi       = {10.1109/ICSM.2015.7332512},
  timestamp = {Wed, 25 Nov 2015 14:45:04 +0100},
  biburl    = {http://dblp.uni-trier.de/rec/bib/conf/icsm/GoeminneM15},
  bibsource = {dblp computer science bibliography, http://dblp.org}
}


@proceedings{DBLP:conf/icsm/2015,
  editor    = {Rainer Koschke and
               Jens Krinke and
               Martin P. Robillard},
  title     = {2015 {IEEE} International Conference on Software Maintenance and Evolution,
               {ICSME} 2015, Bremen, Germany, September 29 - October 1, 2015},
  publisher = {{IEEE}},
  year      = {2015},
  url       = {http://ieeexplore.ieee.org/xpl/mostRecentIssue.jsp?punumber=7321954},
  isbn      = {978-1-4673-7532-0},
  timestamp = {Wed, 25 Nov 2015 14:45:04 +0100},
  biburl    = {http://dblp.uni-trier.de/rec/bib/conf/icsm/2015},
  bibsource = {dblp computer science bibliography, http://dblp.org}
}